<?xml version="1.0" encoding="UTF-8"?><collection xmlns="http://www.loc.gov/MARC21/slim"><record><leader>00404nam--2200121-i-4500</leader><controlfield tag="001">000025449</controlfield><controlfield tag="002">20161230</controlfield><controlfield tag="005">20161230201035</controlfield><controlfield tag="008">060222s1000------------r-----000-0-eng-d</controlfield><datafield ind1=" " ind2=" " tag="100"><subfield code="a">Johnson, David E. And Johnson Johnny R</subfield></datafield><datafield ind1=" " ind2=" " tag="245"><subfield code="a">Mathematical methods in engineering and physics. special functions and boundaryvalue problems</subfield></datafield><datafield ind1=" " ind2=" " tag="260"><subfield code="a">New York, The Ronald Press Company, 1965. Viii+273p</subfield></datafield><datafield ind1=" " ind2=" " tag="852"><subfield code="a">24042</subfield></datafield></record></collection>